@article{Adams2014_1,
   author = {Adams, D. C.},
   title = {A generalized K statistic for estimating phylogenetic signal from shape and other high-dimensional multivariate data},
   journal = {Syst Biol},
   volume = {63},
   number = {5},
   pages = {685-97},
   ISSN = {1076-836X (Electronic)
1063-5157 (Linking)},
   DOI = {10.1093/sysbio/syu030},
   url = {https://www.ncbi.nlm.nih.gov/pubmed/24789073},
   year = {2014},
   type = {Journal Article}
}

@article{Adams2014_2,
   author = {Adams, D. C.},
   title = {A method for assessing phylogenetic least squares models for shape and other high-dimensional multivariate data},
   journal = {Evolution},
   volume = {68},
   number = {9},
   pages = {2675-88},
   ISSN = {1558-5646 (Electronic)
0014-3820 (Linking)},
   DOI = {10.1111/evo.12463},
   url = {https://www.ncbi.nlm.nih.gov/pubmed/24899536},
   year = {2014},
   type = {Journal Article}
}

@article{Adams2016,
   author = {Adams, Dean C and Collyer, Michael and Kaliontzopoulou, Antigoni and Sherratt, Emma},
   title = {Geomorph: Software for geometric morphometric analyses},
   year = {2016},
   type = {Journal Article}
}

@article{Armstrong2020,
   author = {Armstrong, J. F. and Faccenda, E. and Harding, S. D. and Pawson, A. J. and Southan, C. and Sharman, J. L. and Campo, B. and Cavanagh, D. R. and Alexander, S. P. H. and Davenport, A. P. and Spedding, M. and Davies, J. A. and Nc, Iuphar},
   title = {The IUPHAR/BPS Guide to PHARMACOLOGY in 2020: extending immunopharmacology content and introducing the IUPHAR/MMV Guide to MALARIA PHARMACOLOGY},
   journal = {Nucleic Acids Res},
   volume = {48},
   number = {D1},
   pages = {D1006-D1021},
   ISSN = {1362-4962 (Electronic)
0305-1048 (Linking)},
   DOI = {10.1093/nar/gkz951},
   url = {https://www.ncbi.nlm.nih.gov/pubmed/31691834},
   year = {2020},
   type = {Journal Article}
}

@article{Brochado2018,
   author = {Brochado, A. R. and Telzerow, A. and Bobonis, J. and Banzhaf, M. and Mateus, A. and Selkrig, J. and Huth, E. and Bassler, S. and Zamarreno Beas, J. and Zietek, M. and Ng, N. and Foerster, S. and Ezraty, B. and Py, B. and Barras, F. and Savitski, M. M. and Bork, P. and Gottig, S. and Typas, A.},
   title = {Species-specific activity of antibacterial drug combinations},
   journal = {Nature},
   volume = {559},
   number = {7713},
   pages = {259-263},
   ISSN = {1476-4687 (Electronic)
0028-0836 (Linking)},
   DOI = {10.1038/s41586-018-0278-9},
   url = {https://www.ncbi.nlm.nih.gov/pubmed/29973719},
   year = {2018},
   type = {Journal Article}
}

@article{Cork2004,
   author = {Cork, J. M. and Purugganan, M. D.},
   title = {The evolution of molecular genetic pathways and networks},
   journal = {Bioessays},
   volume = {26},
   number = {5},
   pages = {479-84},
   ISSN = {0265-9247 (Print)
0265-9247 (Linking)},
   DOI = {10.1002/bies.20026},
   url = {https://www.ncbi.nlm.nih.gov/pubmed/15112228},
   year = {2004},
   type = {Journal Article}
}

@article{Cowen2008,
   author = {Cowen, L. E. and Steinbach, W. J.},
   title = {Stress, drugs, and evolution: the role of cellular signaling in fungal drug resistance},
   journal = {Eukaryot Cell},
   volume = {7},
   number = {5},
   pages = {747-64},
   ISSN = {1535-9786 (Electronic)
1535-9786 (Linking)},
   DOI = {10.1128/EC.00041-08},
   url = {https://www.ncbi.nlm.nih.gov/pubmed/18375617},
   year = {2008},
   type = {Journal Article}
}

@article{Csardi2016,
   author = {Csardi, Gabor and Nepusz, Tamas},
   title = {The igraph software package for complex network research},
   journal = {InterJournal, complex systems},
   volume = {1695},
   number = {5},
   pages = {1-9},
   year = {2006},
   type = {Journal Article}
}

@article{Cusick2005,
   author = {Cusick, M. E. and Klitgord, N. and Vidal, M. and Hill, D. E.},
   title = {Interactome: gateway into systems biology},
   journal = {Hum Mol Genet},
   volume = {14 Spec No. 2},
   number = {suppl_2},
   pages = {R171-81},
   ISSN = {0964-6906 (Print)
0964-6906 (Linking)},
   DOI = {10.1093/hmg/ddi335},
   url = {https://www.ncbi.nlm.nih.gov/pubmed/16162640},
   year = {2005},
   type = {Journal Article}
}

@article{Fang2019,
   author = {Fang, Y. and Liu, C. and Lin, J. and Li, X. and Alavian, K. N. and Yang, Y. and Niu, Y.},
   title = {PhySpeTree: an automated pipeline for reconstructing phylogenetic species trees},
   journal = {BMC Evol Biol},
   volume = {19},
   number = {1},
   pages = {219},
   ISSN = {1471-2148 (Electronic)
1471-2148 (Linking)},
   DOI = {10.1186/s12862-019-1541-x},
   url = {https://www.ncbi.nlm.nih.gov/pubmed/31791235},
   year = {2019},
   type = {Journal Article}
}

@article{Fraser2002,
   author = {Fraser, H. B. and Hirsh, A. E. and Steinmetz, L. M. and Scharfe, C. and Feldman, M. W.},
   title = {Evolutionary rate in the protein interaction network},
   journal = {Science},
   volume = {296},
   number = {5568},
   pages = {750-2},
   ISSN = {1095-9203 (Electronic)
0036-8075 (Linking)},
   DOI = {10.1126/science.1068696},
   url = {https://www.ncbi.nlm.nih.gov/pubmed/11976460},
   year = {2002},
   type = {Journal Article}
}

@article{Garriga2018,
   author = {Garriga, Joan and Bartumeus, Frederic},
   title = {bigMap: big data mapping with parallelized t-SNE},
   journal = {arXiv preprint arXiv:1812.09869},
   year = {2018},
   type = {Journal Article}
}

@article{Ghadie2018,
   author = {Ghadie, M. A. and Coulombe-Huntington, J. and Xia, Y.},
   title = {Interactome evolution: insights from genome-wide analyses of protein-protein interactions},
   journal = {Curr Opin Struct Biol},
   volume = {50},
   pages = {42-48},
   ISSN = {1879-033X (Electronic)
0959-440X (Linking)},
   DOI = {10.1016/j.sbi.2017.10.012},
   url = {https://www.ncbi.nlm.nih.gov/pubmed/29112911},
   year = {2018},
   type = {Journal Article}
}

@article{Hadicke2017,
   author = {Hädicke, Oliver and Klamt, Steffen},
   title = {EColiCore2: a reference network model of the central metabolism of Escherichia coli and relationships to its genome-scale parent model},
   journal = {Scientific Reports},
   volume = {7},
   number = {1},
   pages = {1-15},
   ISSN = {2045-2322},
   year = {2017},
   type = {Journal Article}
}

@article{Jensen1976,
   author = {Jensen, R. A.},
   title = {Enzyme recruitment in evolution of new function},
   journal = {Annu Rev Microbiol},
   volume = {30},
   number = {1},
   pages = {409-25},
   ISSN = {0066-4227 (Print)
0066-4227 (Linking)},
   DOI = {10.1146/annurev.mi.30.100176.002205},
   url = {https://www.ncbi.nlm.nih.gov/pubmed/791073},
   year = {1976},
   type = {Journal Article}
}

@article{Jin2013,
   author = {Jin, Y. and Turaev, D. and Weinmaier, T. and Rattei, T. and Makse, H. A.},
   title = {The evolutionary dynamics of protein-protein interaction networks inferred from the reconstruction of ancient networks},
   journal = {PLoS One},
   volume = {8},
   number = {3},
   pages = {e58134},
   ISSN = {1932-6203 (Electronic)
1932-6203 (Linking)},
   DOI = {10.1371/journal.pone.0058134},
   url = {https://www.ncbi.nlm.nih.gov/pubmed/23526967},
   year = {2013},
   type = {Journal Article}
}

@article{Kane2013,
   author = {Kane, Michael and Emerson, John W and Weston, Stephen},
   title = {Scalable strategies for computing with massive data},
   journal = {Journal of Statistical Software},
   volume = {55},
   number = {1},
   pages = {1-19},
   ISSN = {1548-7660},
   year = {2013},
   type = {Journal Article}
}

@article{Kanehisa2000,
   author = {Kanehisa, M. and Goto, S.},
   title = {KEGG: kyoto encyclopedia of genes and genomes},
   journal = {Nucleic Acids Res},
   volume = {28},
   number = {1},
   pages = {27-30},
   ISSN = {0305-1048 (Print)
0305-1048 (Linking)},
   DOI = {10.1093/nar/28.1.27},
   url = {https://www.ncbi.nlm.nih.gov/pubmed/10592173},
   year = {2000},
   type = {Journal Article}
}

@article{Kim2015,
   author = {Kim, H. and Shim, J. E. and Shin, J. and Lee, I.},
   title = {EcoliNet: a database of cofunctional gene network for Escherichia coli},
   journal = {Database (Oxford)},
   volume = {2015},
   ISSN = {1758-0463 (Electronic)
1758-0463 (Linking)},
   DOI = {10.1093/database/bav001},
   url = {https://www.ncbi.nlm.nih.gov/pubmed/25650278},
   year = {2015},
   type = {Journal Article}
}

@article{Lehar2007,
   author = {Lehar, J. and Zimmermann, G. R. and Krueger, A. S. and Molnar, R. A. and Ledell, J. T. and Heilbut, A. M. and Short, G. F., 3rd and Giusti, L. C. and Nolan, G. P. and Magid, O. A. and Lee, M. S. and Borisy, A. A. and Stockwell, B. R. and Keith, C. T.},
   title = {Chemical combination effects predict connectivity in biological systems},
   journal = {Mol Syst Biol},
   volume = {3},
   number = {1},
   pages = {80},
   ISSN = {1744-4292 (Electronic)
1744-4292 (Linking)},
   DOI = {10.1038/msb4100116},
   url = {https://www.ncbi.nlm.nih.gov/pubmed/17332758},
   year = {2007},
   type = {Journal Article}
}

@article{Nguyen2015,
   author = {Nguyen, L. T. and Schmidt, H. A. and von Haeseler, A. and Minh, B. Q.},
   title = {IQ-TREE: a fast and effective stochastic algorithm for estimating maximum-likelihood phylogenies},
   journal = {Mol Biol Evol},
   volume = {32},
   number = {1},
   pages = {268-74},
   ISSN = {1537-1719 (Electronic)
0737-4038 (Linking)},
   DOI = {10.1093/molbev/msu300},
   url = {https://www.ncbi.nlm.nih.gov/pubmed/25371430},
   year = {2015},
   type = {Journal Article}
}

@article{Picard2008,
   author = {Picard, F. and Daudin, J. J. and Koskas, M. and Schbath, S. and Robin, S.},
   title = {Assessing the exceptionality of network motifs},
   journal = {J Comput Biol},
   volume = {15},
   number = {1},
   pages = {1-20},
   ISSN = {1066-5277 (Print)
1066-5277 (Linking)},
   DOI = {10.1089/cmb.2007.0137},
   url = {https://www.ncbi.nlm.nih.gov/pubmed/18257674},
   year = {2008},
   type = {Journal Article}
}

@article{Robbins2015,
   author = {Robbins, N. and Spitzer, M. and Yu, T. and Cerone, R. P. and Averette, A. K. and Bahn, Y. S. and Heitman, J. and Sheppard, D. C. and Tyers, M. and Wright, G. D.},
   title = {An Antifungal Combination Matrix Identifies a Rich Pool of Adjuvant Molecules that Enhance Drug Activity against Diverse Fungal Pathogens},
   journal = {Cell Rep},
   volume = {13},
   number = {7},
   pages = {1481-1492},
   ISSN = {2211-1247 (Electronic)},
   DOI = {10.1016/j.celrep.2015.10.018},
   url = {https://www.ncbi.nlm.nih.gov/pubmed/26549450},
   year = {2015},
   type = {Journal Article}
}

@article{Santos2017,
   author = {Santos, R. and Ursu, O. and Gaulton, A. and Bento, A. P. and Donadi, R. S. and Bologa, C. G. and Karlsson, A. and Al-Lazikani, B. and Hersey, A. and Oprea, T. I. and Overington, J. P.},
   title = {A comprehensive map of molecular drug targets},
   journal = {Nat Rev Drug Discov},
   volume = {16},
   number = {1},
   pages = {19-34},
   ISSN = {1474-1784 (Electronic)
1474-1776 (Linking)},
   DOI = {10.1038/nrd.2016.230},
   url = {https://www.ncbi.nlm.nih.gov/pubmed/27910877},
   year = {2017},
   type = {Journal Article}
}

@article{Shou2011,
   author = {Shou, C. and Bhardwaj, N. and Lam, H. Y. and Yan, K. K. and Kim, P. M. and Snyder, M. and Gerstein, M. B.},
   title = {Measuring the evolutionary rewiring of biological networks},
   journal = {PLoS Comput Biol},
   volume = {7},
   number = {1},
   pages = {e1001050},
   ISSN = {1553-7358 (Electronic)
1553-734X (Linking)},
   DOI = {10.1371/journal.pcbi.1001050},
   url = {https://www.ncbi.nlm.nih.gov/pubmed/21253555},
   year = {2011},
   type = {Journal Article}
}

@article{Spitzer2011,
   author = {Spitzer, M. and Griffiths, E. and Blakely, K. M. and Wildenhain, J. and Ejim, L. and Rossi, L. and De Pascale, G. and Curak, J. and Brown, E. and Tyers, M. and Wright, G. D.},
   title = {Cross-species discovery of syncretic drug combinations that potentiate the antifungal fluconazole},
   journal = {Mol Syst Biol},
   volume = {7},
   pages = {499},
   ISSN = {1744-4292 (Electronic)
1744-4292 (Linking)},
   DOI = {10.1038/msb.2011.31},
   url = {https://www.ncbi.nlm.nih.gov/pubmed/21694716},
   year = {2011},
   type = {Journal Article}
}

@article{Szocs2020,
   author = {Szöcs, Eduard and Stirling, Tamás and Scott, Eric R and Scharmüller, Andreas and Schäfer, Ralf B},
   title = {Webchem: an r package to retrieve chemical information from the Web},
   journal = {Journal of Statistical Software},
   volume = {93},
   number = {1},
   pages = {1-17},
   ISSN = {1548-7660},
   year = {2020},
   type = {Journal Article}
}

@article{Wagner2003,
   author = {Wagner, Andreas},
   title = {How the global structure of protein interaction networks evolves},
   journal = {Proceedings of the Royal Society of London. Series B: Biological Sciences},
   volume = {270},
   number = {1514},
   pages = {457-466},
   ISSN = {0962-8452},
   url = {https://www.ncbi.nlm.nih.gov/pmc/articles/PMC1691265/pdf/12641899.pdf},
   year = {2003},
   type = {Journal Article}
}

@article{Yeh2009,
   author = {Yeh, P. J. and Hegreness, M. J. and Aiden, A. P. and Kishony, R.},
   title = {Drug interactions and the evolution of antibiotic resistance},
   journal = {Nat Rev Microbiol},
   volume = {7},
   number = {6},
   pages = {460-6},
   ISSN = {1740-1534 (Electronic)
1740-1526 (Linking)},
   DOI = {10.1038/nrmicro2133},
   url = {https://www.ncbi.nlm.nih.gov/pubmed/19444248},
   year = {2009},
   type = {Journal Article}
}

@article{Zotenko2008,
   author = {Zotenko, Elena and Mestre, Julian and O'Leary, Dianne P and Przytycka, Teresa M},
   title = {Why do hubs in the yeast protein interaction network tend to be essential: reexamining the connection between the network topology and essentiality},
   journal = {PLoS computational biology},
   volume = {4},
   number = {8},
   pages = {e1000140},
   ISSN = {1553-734X},
   year = {2008},
   type = {Journal Article}
}

